@phdthesis{Ioannidis2014,
author = {Ioannidis, Feidias},
file = {:home/andre/Desktop/PDS/article/Ioannidis-Feidias-fulltext.pdf:pdf},
mendeley-groups = {PDS},
school = {University of Manchester},
title = {{Inteligent controller based on Raspberry Pi}},
year = {2014}
}
@incollection{Knospe2006,
author = {Knospe, C.},
booktitle = {Control Systems, IEEE},
file = {:home/andre/Desktop/PDS/article/astrom-ch6.pdf:pdf},
isbn = {0780376315},
issn = {1066-033X},
mendeley-groups = {PDS},
pages = {216--251},
title = {{PID control}},
year = {2002}
}
@article{Zheying2014,
author = {Zheying, Zong and Chunguang, Wang and Yong, Zhang and Chunhui, Zhang},
file = {:home/andre/Desktop/PDS/article/ns{\_}79drt058vr.pdf:pdf},
keywords = {conventional pid,fuzzy pid,temperature system},
mendeley-groups = {PDS},
pages = {346--349},
title = {{Greenhouse temperature controller design based on the fuzzy PID}},
volume = {18},
year = {2014}
}
@incollection{Kinnaert2013,
author = {Kinnaert, Michel},
booktitle = {Slides cours MATH-H304},
chapter = {7},
file = {:home/andre/Desktop/PDS/article/7-Bases{\_}regulateur{\_}PID{\_}handout.pdf:pdf},
mendeley-groups = {PDS},
title = {{MATH-H304 - Automatique}},
year = {2013}
}
@article{ATMEL2005,
author = {ATMEL},
file = {:home/andre/Desktop/PDS/article/doc2558.pdf:pdf},
mendeley-groups = {PDS},
pages = {10},
title = {{AVR221 : Discrete PID controller}},
year = {2006}
}
@article{Afou2014,
author = {Afou, Y El and Belkoura, L and Outanoute, M and Guerbaoui, M and Rahali, A and Lachhab, A},
file = {:home/andre/Desktop/PDS/article/38{\_}Feedback.pdf:pdf},
journal = {International Journal of Advanced Research in Electrical, Electronics and Instrumentation Engineering},
keywords = {climatic parameters,computerized greenhouse,control,pi-intelligent,pid controller},
mendeley-groups = {PDS},
number = {2010},
pages = {9779--9792},
title = {{Feedback Techniques Using PID and PI- Intelligent For Greenhouse Temperature}},
year = {2014}
}
@article{ballard1993pid,
  title={PID versus on-off control, why use a valve positioner?},
  author={Ballard, George and Western Dry Kiln Association and Western Dry Kiln Association and others},
  year={1993},
  publisher={Corvallis, Or.: Western Dry Kiln Association}
}
@article{Welch2006,
author = {Welch, Greg and Bishop, Gary},
file = {:home/andre/Desktop/PDS/article/kalman{\_}intro.pdf:pdf},
isbn = {9780582403857},
issn = {10069313},
journal = {In Practice},
mendeley-groups = {PDS},
number = {1},
pages = {1--16},
pmid = {20578276},
title = {{An Introduction to the Kalman Filter}},
volume = {7},
year = {2006}
}
@article{Saletovi2014,
author = {Saletovi, Enes},
file = {:home/andre/Desktop/PDS/article/APM{\_}PID.pdf:pdf},
keywords = {2,algorithm,apm,control,disturbance,in lti siso system,is,linear,mpc,pid,problem formulation,the problem of control},
mendeley-groups = {PDS},
number = {November},
title = {{APM ( Simple MPC ) vs . PID â€“ detailed comparison}},
year = {2014}
}
@article{Kalman,
    Author = {Kalman, Rudolph Emil},
    Title = {A New Approach to Linear Filtering and Prediction Problems},
    Journal = {Transactions of the ASME--Journal of Basic Engineering},
    Volume = {82},
    Number = {Series D},
    Pages = {35--45},
    Year = {1960}
}

@misc{ControlGuruIntegralWindup,
  title = {Integral (Reset) Windup, Jacketing Logic and the Velocity PI Form},
  howpublished = {\url{http://controlguru.com/integral-reset-windup-jacketing-logic-and-the-velocity-pi-form}},
  note = {Accessed: 2015-10-08}
}

@book{astrom1995pid,
  title={PID controllers: theory, design and tuning},
  author={Astrom, Karl J},
  journal={Instrument society of America},
  year={1995},
  publisher={Research Triangle Park}
}

@article{shin2012anti,
  title={Anti-windup PID controller with integral state predictor for variable-speed motor drives},
  author={Shin, Hwi-Beom and Park, Jong-Gyu},
  journal={Industrial Electronics, IEEE Transactions on},
  volume={59},
  number={3},
  pages={1509--1516},
  year={2012},
  publisher={IEEE}
}

@article{bohn1995analysis,
  title={An analysis package comparing PID anti-windup strategies},
  author={Bohn, C and Atherton, DP},
  journal={Control Systems, IEEE},
  volume={15},
  number={2},
  pages={34--40},
  year={1995},
  publisher={IEEE}
}

@article{sellers2001overview,
  title={An overview of proportional plus integral plus derivative control and suggestions for its successful application and implementation},
  author={Sellers, David},
  booktitle={Proceedings for the 2001 International Conference on Enhanced Building Operations},
  year={2001}
}

@book{svrcek2006real,
  title={A real-time approach to process control},
  author={Svrcek, William Y and Mahoney, Donald P and Young, Brent R},
  year={2006},
  publisher={Wiley}
}
