@article{spampinato2008detecting,
  title={Detecting, tracking and counting fish in low quality unconstrained underwater videos},
  author={Spampinato, C. and Chen-Burger, Y.H. and Nadarajan, G. and Fisher, R.B.},
  journal={VISAPP (2)},
  pages={514--519},
  year={2008},
  publisher={Citeseer}
}

@article{trucco2006video,
  title={Video tracking: a concise survey},
  author={Trucco, E. and Plakas, K.},
  journal={Oceanic Engineering, IEEE Journal of},
  volume={31},
  number={2},
  pages={520--529},
  year={2006},
  publisher={IEEE}
}

