@misc{ControlGuruIntegralWindup,
  title = Integral (Reset) Windup, Jacketing Logic and the Velocity PI Form,
  howpublished = {\url{http://controlguru.com/integral-reset-windup-jacketing-logic-and-the-velocity-pi-form}},
  note = {Accessed: 2015-10-08}
}

@book{astrom1995pid,
  title={PID controllers: theory, design and tuning},
  author={Astrom, Karl J},
  journal={Instrument society of America},
  year={1995},
  publisher={Research Triangle Park}
}

@article{shin2012anti,
  title={Anti-windup PID controller with integral state predictor for variable-speed motor drives},
  author={Shin, Hwi-Beom and Park, Jong-Gyu},
  journal={Industrial Electronics, IEEE Transactions on},
  volume={59},
  number={3},
  pages={1509--1516},
  year={2012},
  publisher={IEEE}
}

@article{bohn1995analysis,
  title={An analysis package comparing PID anti-windup strategies},
  author={Bohn, C and Atherton, DP},
  journal={Control Systems, IEEE},
  volume={15},
  number={2},
  pages={34--40},
  year={1995},
  publisher={IEEE}
}